@book{logical-foundations-of-math,
    author={Pavel Pudlak},
    title={Logical Foundations of Mathematics and Computational Complexity},
    year={2013},
    publisher={Springer}
}

@book{dummit-and-foote,
  title={Abstract Algebra},
  author={Dummit, D.S. and Foote, R.M.},
  isbn={9780471433347},
  lccn={2003057652},
  url={https://books.google.com/books?id=KJDBQgAACAAJ},
  year={2003},
  publisher={Wiley}
}

@article{dehornoy,
  title={A fast method for comparing braids},
  author={Dehornoy, Patrick},
  journal={Advances in Mathematics},
  volume={125},
  number={2},
  pages={200--235},
  year={1997},
  publisher={Elsevier}
}

@book{clrs,
  title={Introduction to algorithms},
  author={Cormen, Thomas H and Leiserson, Charles E and Rivest, Ronald L and Stein, Clifford},
  year={2009},
  publisher={MIT press}
}

@misc{knotinfo,
    Author = {Livingston, Charles and Moore, Allison H.},
    howpublished = {URL: \url{https://knotinfo.math.indiana.edu}},
    Month = {February},
    Year = {2021},
    Title = {KnotInfo: Table of Knot Invariants},
}

@misc{word-problem-haskell,
    Author={Chao Xu},
    howpublished = {URL: \url{https://chaoxuprime.com/posts/2011-06-23-word-problem-for-braid-group-using-a-representation.html}},
    Month={June},
    Year={2011},
    Title={Word problem for braid group using a representation},
    note="(accessed: 02-05-2021)"
}

@misc{oeis,
    Year={2021},
    editor={N. J. A. Sloane},
    title={The On-Line Encyclopedia of Integer Sequences},
    howpublished = {URL: \url{https://oeis.org}},
    note = {2021-04-06},
}

@article{quasipositive-3-braids,
    author = {Orevkov, Stepan},
    year = {2004},
    month = {01},
    title = {Quasipositivity Problem for 3-Braids},
    volume = {28},
    journal = {Turkish Journal of Mathematics}
}

@article{irreducible-braid,
    title={An irreducible 4-string braid with unknotted closure},
    volume={93},
    DOI={10.1017/S0305004100060540},
    number={2},
    journal={Mathematical Proceedings of the Cambridge Philosophical Society},
    publisher={Cambridge University Press},
    author={Morton, H. R.},
    year={1983},
    pages={259â€“261}
}

@incollection{ac-conjecture,
    author="Lisitsa, A.",
    title="The Andrews-Curtis Conjecture, Term Rewriting and First-Order Proofs",
    booktitle="Mathematical Software -- ICMS 2018",
    year="2018",
    publisher="Springer International Publishing",
    address="Cham",
    pages="343--351",
    isbn="978-3-319-96418-8"
}

@misc{on-braided-surfaces,
      title={On braided, banded surfaces and ribbon obstructions}, 
      author={J. Elisenda Grigsby},
      year={2018},
      eprint={1801.07158},
      archivePrefix={arXiv},
      primaryClass={math.GT}
}

@article{rudolph-braided-surfaces,
  title={Braided surfaces and Seifert ribbons for closed braids},
  author={Rudolph, Lee},
  journal={Commentarii Mathematici Helvetici},
  volume={58},
  number={1},
  pages={1--37},
  year={1983},
  publisher={Springer}
}

@article{lk-representation,
  title={The Lawrence-Krammer representation},
  author={S. Bigelow},
  journal={arXiv: Geometric Topology},
  year={2002}
}

@book{basic-notions-of-algebra,
  title={Algebra I: Basic Notions of Algebra},
  author={Kostrikin, A.I. and Shafarevich, I.R.},
  isbn={9783662396438},
  series={Encyclopaedia of Mathematical Sciences},
  year={2013},
  publisher={Springer Berlin Heidelberg}
}

@book{computation,
    author = {Minsky, Marvin L.},
    title = {Computation: Finite and Infinite Machines},
    year = {1967},
    isbn = {0131655639},
    publisher = {Prentice-Hall, Inc.},
    address = {USA},
}

@article{action-on-free-group,
    author = {Bardakov, Valeriy and Bellingeri, Paolo},
    year = {2014},
    month = {11},
    title = {On representations of braids as automorphisms of free groups and corresponding linear representations}
}
